/Users/goshng/Documents/Projects/RNASeq-Analysis/doc/siepel-mutans.bib